<?xml version="1.0" encoding="UTF-8"?>
  <record xmlns="http://www.loc.gov/MARC21/slim" type="Authority">
    <leader>00000nz  a2200000nc 4500</leader>
    <controlfield tag="001">120322269</controlfield>
    <controlfield tag="003">DE-101</controlfield>
    <controlfield tag="005">20160104085449.0</controlfield>
    <controlfield tag="008">980709n||aznnnaabn           | aaa    |c</controlfield>
    <datafield tag="024" ind1="7" ind2=" ">
      <subfield code="a">120322269</subfield>
      <subfield code="0">http://d-nb.info/gnd/120322269</subfield>
      <subfield code="2">gnd</subfield>
    </datafield>
    <datafield tag="035" ind1=" " ind2=" ">
      <subfield code="a">(DE-101)120322269</subfield>
    </datafield>
    <datafield tag="035" ind1=" " ind2=" ">
      <subfield code="a">(DE-588)120322269</subfield>
    </datafield>
    <datafield tag="035" ind1=" " ind2=" ">
      <subfield code="z">(DE-588a)120322269</subfield>
      <subfield code="9">v:zg</subfield>
    </datafield>
    <datafield tag="040" ind1=" " ind2=" ">
      <subfield code="a">DE-12</subfield>
      <subfield code="c">DE-12</subfield>
      <subfield code="9">r:DE-12</subfield>
      <subfield code="b">ger</subfield>
      <subfield code="d">1750</subfield>
    </datafield>
    <datafield tag="042" ind1=" " ind2=" ">
      <subfield code="a">gnd1</subfield>
    </datafield>
    <datafield tag="075" ind1=" " ind2=" ">
      <subfield code="b">p</subfield>
      <subfield code="2">gndgen</subfield>
    </datafield>
    <datafield tag="075" ind1=" " ind2=" ">
      <subfield code="b">piz</subfield>
      <subfield code="2">gndspec</subfield>
    </datafield>
    <datafield tag="079" ind1=" " ind2=" ">
      <subfield code="a">g</subfield>
      <subfield code="q">a</subfield>
      <subfield code="q">f</subfield>
    </datafield>
    <datafield tag="100" ind1="1" ind2=" ">
      <subfield code="a">Hortleder, Sabine</subfield>
      <subfield code="d">1582-1620</subfield>
    </datafield>
    <datafield tag="400" ind1="1" ind2=" ">
      <subfield code="a">Hortledera, Sabina</subfield>
      <subfield code="d">1582-1620</subfield>
    </datafield>
    <datafield tag="400" ind1="1" ind2=" ">
      <subfield code="a">Förster, Sabine</subfield>
      <subfield code="d">1582-1620</subfield>
      <subfield code="4">nasp</subfield>
      <subfield code="4">https://d-nb.info/standards/elementset/gnd#LaterNameOfThePerson</subfield>
      <subfield code="w">r</subfield>
      <subfield code="i">Spaeterer Name</subfield>
      <subfield code="e">Spaeterer Name</subfield>
    </datafield>
    <datafield tag="400" ind1="1" ind2=" ">
      <subfield code="a">Forsterus, Sabina</subfield>
      <subfield code="d">1582-1620</subfield>
      <subfield code="4">nasp</subfield>
      <subfield code="4">https://d-nb.info/standards/elementset/gnd#LaterNameOfThePerson</subfield>
      <subfield code="w">r</subfield>
      <subfield code="i">Spaeterer Name</subfield>
      <subfield code="e">Spaeterer Name</subfield>
    </datafield>
    <datafield tag="400" ind1="1" ind2=" ">
      <subfield code="a">Hortleder, Sabina</subfield>
      <subfield code="d">1582-1620</subfield>
    </datafield>
    <datafield tag="400" ind1="1" ind2=" ">
      <subfield code="a">Förster, Sabina</subfield>
      <subfield code="d">1582-1620</subfield>
      <subfield code="4">nasp</subfield>
      <subfield code="4">https://d-nb.info/standards/elementset/gnd#LaterNameOfThePerson</subfield>
      <subfield code="w">r</subfield>
      <subfield code="i">Spaeterer Name</subfield>
      <subfield code="e">Spaeterer Name</subfield>
    </datafield>
    <datafield tag="400" ind1="1" ind2=" ">
      <subfield code="a">Forster, Sabina</subfield>
      <subfield code="d">1582-1620</subfield>
      <subfield code="4">nasp</subfield>
      <subfield code="4">https://d-nb.info/standards/elementset/gnd#LaterNameOfThePerson</subfield>
      <subfield code="w">r</subfield>
      <subfield code="i">Spaeterer Name</subfield>
      <subfield code="e">Spaeterer Name</subfield>
    </datafield>
    <datafield tag="400" ind1="1" ind2=" ">
      <subfield code="a">Forster, Sabine</subfield>
      <subfield code="d">1582-1620</subfield>
      <subfield code="4">nasp</subfield>
      <subfield code="4">https://d-nb.info/standards/elementset/gnd#LaterNameOfThePerson</subfield>
      <subfield code="w">r</subfield>
      <subfield code="i">Spaeterer Name</subfield>
      <subfield code="e">Spaeterer Name</subfield>
    </datafield>
    <datafield tag="500" ind1="1" ind2=" ">
      <subfield code="0">(DE-101)10087407X</subfield>
      <subfield code="0">(DE-588)10087407X</subfield>
      <subfield code="0">https://d-nb.info/gnd/10087407X</subfield>
      <subfield code="a">Forster, Valentin Wilhelm</subfield>
      <subfield code="d">1574-1620</subfield>
      <subfield code="4">bezf</subfield>
      <subfield code="4">https://d-nb.info/standards/elementset/gnd#familialRelationship</subfield>
      <subfield code="w">r</subfield>
      <subfield code="i">Beziehung familiaer</subfield>
      <subfield code="e">Beziehung familiaer</subfield>
      <subfield code="9">v:Ehemann</subfield>
    </datafield>
    <datafield tag="548" ind1=" " ind2=" ">
      <subfield code="a">17.04.1582-16.02.1620</subfield>
      <subfield code="4">datx</subfield>
      <subfield code="4">https://d-nb.info/standards/elementset/gnd#dateOfBirthAndDeath</subfield>
      <subfield code="w">r</subfield>
      <subfield code="i">Exakte Lebensdaten</subfield>
    </datafield>
    <datafield tag="548" ind1=" " ind2=" ">
      <subfield code="a">1582-1620</subfield>
      <subfield code="4">datl</subfield>
      <subfield code="4">https://d-nb.info/standards/elementset/gnd#dateOfBirthAndDeath</subfield>
      <subfield code="w">r</subfield>
      <subfield code="i">Lebensdaten</subfield>
    </datafield>
    <datafield tag="551" ind1=" " ind2=" ">
      <subfield code="a">Ampfurth</subfield>
      <subfield code="4">ortg</subfield>
      <subfield code="4">https://d-nb.info/standards/elementset/gnd#placeOfBirth</subfield>
      <subfield code="w">r</subfield>
      <subfield code="i">Geburtsort</subfield>
    </datafield>
    <datafield tag="551" ind1=" " ind2=" ">
      <subfield code="0">(DE-101)040666409</subfield>
      <subfield code="0">(DE-588)4066640-2</subfield>
      <subfield code="0">https://d-nb.info/gnd/4066640-2</subfield>
      <subfield code="a">Wittenberg</subfield>
      <subfield code="4">orts</subfield>
      <subfield code="4">https://d-nb.info/standards/elementset/gnd#placeOfDeath</subfield>
      <subfield code="w">r</subfield>
      <subfield code="i">Sterbeort</subfield>
    </datafield>
    <datafield tag="667" ind1=" " ind2=" ">
      <subfield code="a">VD-17</subfield>
    </datafield>
    <datafield tag="670" ind1=" " ind2=" ">
      <subfield code="a">Katalog der ... Stolberg'schen Leichenpredigten-Sammlung. Bd. 2. - 1928</subfield>
    </datafield>
    <datafield tag="672" ind1=" " ind2="0">
      <subfield code="a">Balduin, Friedrich: Christlicher LeichSermon. Uber den schönen Apostolischen Spruch S. Pauli ... - 1620</subfield>
    </datafield>
    <datafield tag="913" ind1=" " ind2=" ">
      <subfield code="S">pnd</subfield>
      <subfield code="i">a</subfield>
      <subfield code="a">Hortleder, Sabine</subfield>
      <subfield code="0">(DE-588a)120322269</subfield>
    </datafield>
  </record>
